% Encoding: UTF-8

@Book{Elliot2005,
  author = {Jim Elliot},
  date   = {2005-09-19},
  title  = {The Evolution of IBM Mainframe and VM},
}

@Article{Bakker2006,
  author       = {Jasper Bakker},
  date         = {2006-10-11},
  journaltitle = {Computable},
  title        = {IBM wil tekort mainframe-experts oplossen},
}

@Online{Long2018,
  author       = {Larry Long},
  date         = {2018-06-28},
  editor       = {Forbes},
  title        = {The Top Five Mainframe Migration Issues Facing IT Leaders},
  url          = {https://www.forbes.com/sites/forbestechcouncil/2018/06/28/the-top-five-mainframe-migration-issues-facing-it-leaders/?sh=698b1fbe66a7},
  journaltitle = {Forbes},
}

@Online{Eenbergen2021,
  author = {Coen van Eenbergen},
  date   = {2021-11-30},
  editor = {Techzine},
  title  = {AWS biedt oplossing om mainframes te migreren naar de cloud},
  url    = {https://www.techzine.nl/nieuws/cloud/471602/aws-biedt-oplossing-om-mainframes-te-migreren-naar-de-cloud/},
}

@Book{Barnett2005,
  author = {Gary Barnett},
  date   = {2005-10-01},
  title  = {The future of the mainframe},
}

@Online{Smolaks2021,
  author       = {Max Smolaks},
  date         = {2021-12-08},
  editor       = {DataCenter Knowledge},
  title        = {IBM launces mainframe modernization initiative},
  url          = {https://www.datacenterknowledge.com/cloud/ibm-launches-mainframe-modernization-initiative},
  journaltitle = {DataCenter Knowledge},
}

@Thesis{Bingell2014,
  author      = {Nichloas Dayl Bingell},
  date        = {2014-12-01},
  institution = {University of Oregon},
  title       = {Cost Factors that influence ownership of mainframe or cloud-based data center environments},
  type        = {mathesis},
}

@Book{Ebbers2022,
  author = {Mike Ebbers},
  date   = {2022-03-01},
  title  = {Introduction to the new mainframe},
}

@Comment{jabref-meta: databaseType:biblatex;}
